@online{podman,
	author = "",
	title = "",
	url = "
	       https://developers.redhat.com/blog/2019/01/15/podman-managing-containers-pods#
	       ",
	addendum = "(accessed: 10.31.2025)",
	keywords = "podman,redhat",
}
